%%%%%%%%%
%
% 引用文献
%

@inproceedings{movie_review,
  author = {Hatem Ghorbel et. al},
  title = {Sentiment Analysis of French Movie Reviews},
  booktitle = {Proceedings of the 31st International Conference on Machine Learning},
  year = {2014}
}

@article{yokote,
  author = {yokote},
  title = {wordword},
  journal = {AI},
  pages = {220-229},
  year = {2013}
}


@misc{us_election,
  author = {},
  title = {http://www.cnn.co.jp/tech/35092265.html},
  year = {2016}
}

@misc{uk_referendum,
  author = {},
  title = {http://www.bbc.com/news/uk-politics-36616028},
  year = {2016}
}
@misc{us_map,
  author = {},
  title = {http://www.bbc.com/news/election-us-2016-37889032},
  year = {2016}
}
@article{psychology1,
  author = {Panos Athanasopoulos et. al},
  title = {Two Languages, Two Minds},
  journal = {Psychological Science},
  pages = {},
  year = {2014}
}
@article{psychology2,
  author = {Boaz Keysar et. al},
  title = {The Foreign-Language Effect},
  journal = {Psychological Science},
  pages = {},
  year = {2011}
}
@misc{twitter_api_placeid,
  author = {},
  title = {https://dev.twitter.com/rest/reference/get/geo/id/%3Aplace_id},
  year = {}
}
@misc{search_api,
  author = {},
  title = {https://dev.twitter.com/rest/public/search-by-place},
  year = {}
}

@misc{emoji,
  author = {},
  title = {http://www.adweek.com/socialtimes/report-92-of-online-consumers-use-emoji-infographic/627521},
  year = {}
}
@inproceedings{dataset,
  author = {Narr et. al},
  title = {Language-Independent Twitter Sentiment Analysis},
  booktitle = {KDML/LWDA},
  year = {2012}
}
@inproceedings{dataset_spanish,
  author = {Román et. al},
  title = {The Challenge of Aspect-based Sentiment Analysis},
  booktitle = {TASS},
  year = {2014}
}
@misc{scikit,
  author = {},
  title = {http://scikit-learn.org/stable/index.html},
  year = {}
}
@inproceedings{related_work1,
  author = {Volkova et. al},
  title = {Exploring Demographic Language Variations to Improve Multilingual Sentiment Analysis in Social Media},
  booktitle = {EMNLP},
  year = {2013}
}
@inproceedings{related_work3,
  author = {Bautin et. al},
  title = {International Sentiment Analysis for News and Blogs},
  booktitle = {ICWSM},
  year = {2008}
}

@inproceedings{twitter_lexicon,
  author = {Volvoka et. al},
  title = {Exploring sentiment in social media: Bootstrapping subjectivity clues from multilingual Twitter streams},
  booktitle = {ACL},
  year = {2013}
}
